011990787867135DAA5349BF65FE80FC679:2
01A30B78A640404E15EEC77666068DA4A50:1
03456791191111E991C9B6DF105ED749440:10
04BCBCF8C33EAD7693ED661C4B96093CC91:1
04CCC9A988E21C312EA378FA16D61473D2F:1
04F466C6D7370574E1181C2A555F8F61916:5
056604A1AF7480E1C6AE3C8499EF57C8B51:2
0605AD8DE233DCC92E0685B238A59A3B277:2
069B623971BBDA2F452389AB15D9D865F18:1
06BB438915EFB9CD3C20D22754F87DF6E2B:2
07479E6ED259C3BFAC7FB51E129754EF16C:1
07C312D1A9CBA2632BACA82CC1D7E063819:2
080061DB96E4A8E53C6DF6C33CA48828AB2:16
08CC8FA500B0047893A1C95CC6808B32CBD:1
08FC10AAB036F621AFA785D4ACEA9270603:197
095244D9EE6E54902724D85BEE8B95FF421:1
0A2FFE54E1455944514B286C6C6398124BA:4
0B684D630511CA0A71D848026E4162AC336:3
0BA4EB446D388C57BB9B587C0C077F252FD:2
0CB833D1237BFC60B0332966412FC5BF303:1
0D613A71B44D2BB409CD5D9BF145631756D:4
0DD75B3376E14E719FA8E0EDC6D3F650CC8:1
0E33048299994319AF4A57755A49D5977F4:2
0E3F305C8573C77E3B1D57ED593C25287A5:7
0E7E6A5981C504D8F896890316F221AEA60:1
0EE71AA937A4E41383DC315670719F22B9C:2
0F686D6F920E56E1E5E3EE458FB298A57D5:2
0FB907E6B097FD2D617CCF19D0061B0F41B:7
0FC9DA145E3D256AE0A169A0B1CFD3D7DB3:2
10377052156020859950EB3F2B7BA5948F2:2
116EB705DB5276C469589D398B045CFCF26:2
12F33A9858D94C9B47577F6613F2738084C:3
12FC1AEEFDF900F10EB010ADEDFC206265F:1
1318480B8333364680486242BE14E96E8AC:2
13609D120EB28051CB1B9931F9B083324C8:2
13F4F57469AFA2FEDAB525F030109E0C771:2
1492652D2786BA0D81AD25142A5A6BCAB1A:1
1496696F48CBF8BF5558ABCA9CF2E731E5D:6
14CFEB6F0789B599AF67E86450397B3B229:6
1587E0B51ABA544D53C54A1E4C8C260FC62:1
158CCAA2B1795441DA3E7EE7E9346FC1718:3
15FFAA5AB674B8748E33A733E17F2144E76:2
162F6ABA52763256FBEDCD30EAF76677388:1
17AE572D3DC34FA388D70874348DFD0DDA4:1
17E8B8F152F58B54126D15396D63CE6D55D:1
17EF77BD0994A1F8EC5DDA3ECDE96A2E90E:2
18275209D3261808E6E4CB59C2590CBD1F7:1
184F8F4728DDD5536B8C5FAA158D6793EE8:1
18BD632B049FDF3E12B197EA5210686DE05:7
1930BF7F8595105AE336D1EBF6A4E148620:1
197A6E1E0AFBD79B0B64DDE5CED07F0646B:2
1AA711922D8D27FABFA063C40F877015304:1
1AC8650478578D3EC2DFA82A27099E14BD3:4
1AEF34E87A13F3255ACB02DB76D67425A95:1
1B9A986B8E6057F23D6BD58744F944CE9A4:41
1BB998EE6620AE1B9F28250FCFE37B9638C:1
1BE38825EE767D4E372BE67B0EC350F7DE6:1
1C506FD4BAF8A0B674BEFF8288FA743147C:12
1C61A5356CDD6D6C6FE7B285E38F1C7485A:2
1CC52508F36815A6072488321AA1CFD8F33:2
1CFC64586C3348B93E54E5CAFD394FB7082:2
1D3AB9D1E0B33CBA76D23F62F1F3F1DB204:11
1D58CEA9720EBE10060079BC3BD5A7CD831:3
1DA5F7CCC01378A7645E53A8CDDA9C72811:3
1DB594856050899B2AA85EBFD9A0EA3B385:2
1E13EEBFE1B460BB81E2714DBAB86EFF89C:1
1E3E1E3F2788658A86C0197BFB039F60A99:2
1F338088466AE3419BE1A5E98CBB5E56EF7:1
1F677AD94FE93D41F646EE3493EF3718E24:1
1FD791054EFABA4C3A8381FABA02F37A6CE:15
214FC9FE431BB3AB5ECA0E59A42EC0EA0F1:4
21872C8D288827E3D8375BDD8FD63D2F8B0:2
236E7BC8A8DAD4BD662E58D95C2AF0C6FB3:1
238E81556EAC8E2F612D76ADDC7763062B8:1
23A6F26A09E376E9FD3E904D296A523B5A4:1
23AFB29884BB334E3689CB38B20636DFA00:2
25A68647400103958B66627F05BA06E0233:3
25C50E994943A437C9EC7AC14A89F81413B:5
26538F4F2772FE9E68B44EF32DA941AED14:2
27457C3E0066BB45614D240DCDBEFF3DB84:1
27AFA6805A5EF7CFC2469B4CAD15D05D75A:5
27B174BEB8F4E81DFC70F0E9705EA611621:2
27D528F8B922BEE855D8393D0376C9F9106:3
2873526E7CC5B03BDF48149CBDB791C2043:2
288AD7E16FE1E35CAB7CC6E2E69FAF83D68:1
288C859F40E0A9B5C97EF986DE5A6A92FE8:1
29FAB0CF8A463B67EEDDB2089F1C10A88A2:2
2A6EBD5265AD94706393A8B161D1C18C336:8
2A7C6D57807E56A377EB385A716BA1EE00A:2
2A8565C1C267AE83D73726723E6B3B45190:1
2B256FFA39E96DD7C42CD7D45FEF3FAE99F:2
2B437B280ABF2E17AC60F6B54ABAA6CD8D0:9
2BA445DCCB88D297EDB30124B0F68EDC0F0:2
2C13B4A8A462F900D38CD018CBA98FE2A48:1
2C29907260BB8788FA84E0F9C69554272C7:4
2CD3400AABCA9ABDC6546EDF34E4A8DC72E:1
2CDD90C4B8D2FB23E629E4286B8D864DC42:7
2CFC346974F7C1260B34FE4CD43EE12E38D:4
2D18CE9008485ED26EADC9E4E346A025A9A:4
2DE3ACB5C9AF22EC12067194445F2861B8C:1
2E11550B39E1B45EC21DBA62F1120D8BEA9:1
2E3F073D36751155870A221433666973140:1
2EEA9121711648CC3D3E62ABFD1176D2292:2
2F5BFE12025D53FD7300CF5D9CD02833011:2
2FBCD56B42ED2C422589F397A2D654B7319:2
314C15C1C30291D658D74982EA3DE0B8CEE:2
31E1264F09454A365F4FB976A70747589FD:2
31E528330924B89227C4D25CFF410AE9909:20
322EF87AFBBDA8DA4075BE27BF09EAAFCC9:2
3271D929677062C842520A5081CFB84794E:1
32FCEDA23650DCDD649E5C934EA9C200B58:3
353601F92A4E5960997E41CB1D52E728FCF:1
35481B1A634643AF83C51256168C78E2CAC:1
359E104B09B3D1623091DFDE561098E5917:5
37200D61A540E94C6243EA5E96213F2426D:1
3771CB6B817E70F17ED36DB404456A1E5AD:2
37991C5C8C8F81E170E69577B8D497B6D19:1
379E8A2C02D528EA230445CFB8A06D19D03:1
380B629E567FA6D7E5E349EC643A8BE6407:3
382EBA5B05F3B5F38717B1A5CDE76972A7B:2
388E7DCA3D327A4A5DDA6886705A386F7FE:1
39F646793544DABC982374AB4DFF1BED3AC:1
3A30E4BFFAD3273EBBE215D00D2C8E1BC7E:2
3A39C31E2A8F18F7A77DB6495A73AB43D74:4
3A51C4F3EE3ACEFBE5D059691D20171CBC5:5
3A6B796A8AB278392E7D9143FA43C4F6951:5
3B0639C711AF640A820B1FA09633777E3EC:1
3CA8912EAC8C874535BC6BD4508C70F2D96:12
3CB9FFAA2CEC03B2261D7E2B0699A6C5E89:1
3CD17A239864673D86793A75934A880FC8C:1
3DB2CFFB6D8AAF2FA965C073E86E12A892B:1
3E11FD6D8E669DB1CBF95CC03BFBC5084A5:2
3E4AA2895317F4349D3C672D48BAAB43955:4
3EB28B5B7B422ADA63D7372386FD130A8A0:1
3FEE9C0755061BC9405A92598C6E0DD3055:1
401028D751CEA8B5B39393161B4D0B8F371:5
40B55E1DAD6CE6EEAAC421C3E691B9C67B2:1
414A16A3A775FDA87AF41EE0E0765182D1A:2
415306B490B1A558298D640E2D739032B78:36
41A8C4D5F4FFE946FB3CE4FAE447FB31126:4
42A73F941DEEC51B26AC7CEDE3DE4C89785:2
42E00836394D580CF9528D41B7139428323:3
42E6BCF9064C99B232D8D570158B384B3D1:16
42E797DB404ED6EE2CDB57801024D1D9087:3
4329955063743836477CE9D3D719A2C1192:2
446F8DCC3853779797AC6FCC1393C670794:2
44DFF2DDD12090151EED5274BF753347383:2
452DC6706D48E637D141F7FCD5B460537C4:1
45770DB00639B9B4E81197CD3F40CAF90C8:2
4580E78E563F231D26B453A9CF0E08A633F:52
473E559ACEEA6251CA77FE46E2EC5FBC44F:3
479E7096357CCC3DAE224A1DD6B2847E3C9:1
4816868CDD54413BC64E0D2150130B7FA20:3
48FE39E6EBE6D83547275DBC01AA71F075C:12
49250BA5FFA843800E792A678EAE3DDD536:3
495C1A3EA8674FE527D118CC87B4AE538E0:4
4A359F46877897F0E17A0A9950661B89767:3
4A6F55188523E6A647503B84743F56FA64B:3
4B3833A913FDB87A1DDB912047891FE3EE4:1
4B57402171F7E4D0D04302D6686207B76A4:1
4C7B45E0CF4EC69CA21B03A2827996937F3:2
4CA86A9E8384737F43502BCFEC02155B7E5:1
4D71009D6D85F617F6A1D0D3FBBC39077E8:1
4D79CE91BD76344ED43AFC2C0A5EABBED7E:1
4DCC8C65016F3CA73182A1C8B3C4050AD52:6
4E4A4573503CF2E03E7C357A148F1925814:1
4F1A9908BA7CEF1320122FE30420BAA1241:1
4F688A8632BDB1C7C8141450EA5825573EF:3
4F9CD894851AE44FD23B85D8DCDE3077486:5
50C84ABDDC873303F6F6C2318AECBAE613E:3
50D9949EAF0C876DD3AC6781559AEDF6369:3
5128677D07428F485F909F7BEE5D073D879:2
5158579896185DCAB09AC7E1F3F74E681E8:1
524E64A054112143DE83ADE25E228B3485F:1
5273EEDBED9F86921C876CD2C34AAE69236:162
5279D1A6418D626DAA462B350E71341BAD7:2
539B6B6CDB5864F7F2F5DFEB5A46A2D4127:3
53D49CAA3B981A64A3A6182F4BF524BBFEF:2
559395E31C77348D5C1307864004192D4D6:1
559CF748D221E055B77A53D8A6CCF3B7D14:5
55BE49CF437435152D8856F2AA4D9DD4F70:5
55C7D1C9486A452036AA681CADA1A5D1FB3:1
5601C7B131DBC275CDECE8AC1C46767F5B1:1
56256205FD8D75A36C10FD02FF317EB185B:3
568C755AA8D49099A44E31473F330BC5163:1
574D3E4196A2FE5ACC8D2AAA34EE70D96B5:1
5779755CA8CAD9FF15EBCC831A9D1F1BFD2:3
57FE038298A755BA5BD64C1BBA7EFBD3B99:8
5850AB2F269E2BD4E2E9802F054A36DED18:1
58CCDF3E94FE658083A50276BC078DE552F:4
5900DB6E728C07C1503A1268C8E31822B02:3
5917510684168FC82E7B10AD71995405B93:3
5A42D00C2C96BA6E6230B8A985FE53D2C81:153
5A68BD2303882C0E5E178BA7C80CC70B167:1
5AD5D1F9F7310388F253476F85B80C96876:2
5C62836C459676B70E489B36EE6E15CA01F:2
5CA343E8E9F2672F3C4AC38B354E6287376:3
5D81DFAD644EF21DB353D125CFBFDEDB0F2:1
5DFDFB2C461D9263F32365B8AB62A85B4DF:2
5EE3F48B401569FA3749C6909DBE8748E92:11
5F5D5A95A1E0E4EFA1D19225960701388A9:2
5F7F1DD032D3A5F1C463BF423E45F4DC622:1
5FCE6DED4783147DF5885C4F2C769EC945D:4
601F7DD9876FC849DFFF50319EA0670F133:2
60C8A43B0BCFE5223185180CD4E0AC9852E:2
61101ECE37486B3F3F45F9F821A82CE6DF1:4
6121FA8D87B33E12990D36F53E2A09047EE:4
6135006A1AAEE735DD95CC32DDA9A4F89FE:2
6178F06B7E852B02117F5F79CD70C3C1570:3
6195842F3A68F86C2ABA1AC16BE7A01FB5F:2
621477C5129443F40C2E071E2942EFAD816:1
6226E0BD1FDB5E8C6351F7F33C914C917B1:1
62954554D15D44FC38B3F96E5E243884991:1
63AEAEF8D89B5EA21FB3D598640B3323EC4:1
63B13ED3A3BD8723709C52C21A8B98653A9:3
64675EC7688A4268247FB75D1527451C510:2
64A6805D6D0D1496A02018A8AE92E9B7A33:2
64DA9E9926DDED2264985772972C18256C4:1
65474C98B27C74789CD32E81069A391C4BB:1
655FF465D09A5117F0DBFBDF737F6139AE5:2
659EE5734287994A7E879CD8B24CFFD61EA:1
66782E93E990BFA86E59055222490FF05BE:1
683E0F133283DC551B1CF0F929F35EA32ED:1
6A33855D5EBCADD15063D63FD40606B1C45:2
6A6ADDA99B27DAB606FE7610295FEA31D81:3
6AE95178ADA3EE21EC8D9E91002CCD71188:2
6AF5D625D7AA1EB95BF70E8E3872EB34704:1
6B0BE69EE8806B78DF2DC24648638ECEB0E:3
6BBCA8EB2522AEC5944DE5084D920076346:34
6BD1ADB20AD02631CD0E0DD1A8F720A2973:2
6C1BB0C847D5426AF1B554929C94E1D22EF:1
6D8F7B0435EF92B7CC87E57514CF2E5C12F:4
6E6E3A8E9E9F1C5054E5C7FE6529CCACA17:8
6E7E2016AB333D7E2A0C0B9D46982C71C62:1
6F4FF1DC2A1C471FF7BDC820244E3E5ECFC:2
6F5A3BC4CD32F8FD44AD3A337051EB1A09E:2
6FA570F49765D97AFC3B22EAF32D06CE6B4:2
702D7900299134A90E8FA69B06175229CC3:1
70B75BC10AB9F730FFEF192EF039357B870:2
714901338A5CB3947646D0F41E1D24E3323:2
7184EFAE5BE8A6D51F0406B95D24F7F037E:2
71E7763C5F3A915C8EA490B002FE30D2F4C:2
7218EB4E56B7B490BCB0AC4B39C8322F376:2
726382EB243ABBA4E863CF10C10640E04AA:2
72BFF085DB073D66AB90830CB4C8A75064E:1
7338A32AC3F3A5EB0B56519905400C8D229:9
7375FF7BEF12BCF881E0DA3430C97BE38A2:1
74A3DE0C8299FD2EB3B6D1D9872F4F088FF:2
74D6AA0CDEB6E41D74C407A29EBAEB79FB8:3
7580EF2F144F5D71D461415C672723D8CB5:1
75A0E2B198A43AD738F153FFE40D52E3E4A:2
75BB3E94A34E66EA838E4654D675A62586C:2
770229CFED2AEE8B064AA5DFA79FA7A9024:14
7725A0883E3B63BD05853800348AB6CCD0C:1
774DF1D57B0F8795B9F5D3B0CD5596F81A0:2
77EA37C89DC33CC1CEC9681B129F31B9F9F:1
7871BEC8A915F01292F7F0B8977954944E4:2
78DD2FB60BE8CC4C3DB0FF9EDE3FA46B61B:2
79452105A97AB1793FB7D31994189844202:1
79D3C08220CCF24829999BD8E8C13335BA2:5
7A03BA1C3E5B67FCC5EA872265DA8586854:1
7A338F8DB3890CD7CBD219F64076140F433:5
7B8BB7F9783307CBB131BD200CEDFFA3823:3
7C92E7AC09F4FF9122A412E65F131577FD7:2
7CDA285754681F369BF4727C5823CBD4409:2
7E5634643ECFE24DD40455ECF3BF89C2E8A:5
7E734A58BE38671586FB6A48EFEF601FC99:2
7EC49BD80473083E5B4B64A92D96D2EB9B4:1
7F461E565E9BE3A19BFC78C51BE19915D35:1
802C5095D098417A4F32C24DFA358AC66A1:1
8107D9C54ECA719896B316165405B984C00:2
822573551E1AB0774482D068FCA82369E65:2
828B51E4AD8D076315F761FEE4CA11857ED:1
8465F018752E13F0749BF4464EE34EE71B1:5
8466FB126777BAD95AFC6A2EAEDC1A4480C:1
84DA59960D4F0A564498B03E4D9FD8C66DA:4
855B66F295908D5AB5B12B13F5476011C53:3
85DCB2E25404FD9AB63543F5A5B986925C7:1
85EB60013C7D0EE635A2286BB944039E88E:1
870916EC8C042F23ACB1FFFEE4C71666A6F:1
874CF7E27A6F27442FACF23E8278BBB4544:2
87B72449BE194945FA178C33D611BC937C6:4
882B5183293B2EDE9353CEB3FCF4A903D99:2
8A92ACC71C0A3B5BA0E38E6D9C3F07DADDF:1
8AE1F855B523A88BC30E54AC53DF76F7A9F:2
8B03B9B41582E2AD5F9033AD6A741A4DEAF:1
8B0CA1EB6EEBF81F6940AF0A88AE318FA28:1
8B33F37D45593007E0E2194C0AAF169EDF1:1
8B4BD69DE4CA7287B45106FDF3886034407:3
8B5D9CBE7B49BAF8D14BF4896302F7D6491:6
8B7F901EBD58A1286EBBBF91D3CF5E8F40D:2
8BB5B707C590E45B7AB0FD675B9EADC930F:7
8C89A9B6A88B532ED82A75C0D12EF006A24:3
8CA829A2294B404D43B46FBD7A8CE4A9089:2
8CABD8E7C8BB77517DE28D7986099937D04:1
8CBAD3F14836F9A496DB429D79A4B5E022A:1
8DD169B606395514C268187BC41D58ACA53:3
8DDB825D6A66710D4E83674852E20D7B701:1
8E00EE9BE954CB2C1313E1EFF7F3F428EC0:28
8E13F97773000B428FA2327670C89BD0A11:2
8E7F0CD334164CDC3F2F41FEE64F733C250:2
8F073ACE8ECB105E2AC4E074582A66753EA:4
8F80375AD60114350509FEC0515A2B1BB99:3
8FB32DBED75992C9923B79920FB36DC21A7:1
9026907AF1062133289964075AD26387614:2
9111EE72F8195F38D62BB78021670FA0C83:2
911925A830E47EABF65D9E22C585059385A:1
914C8E0552661F763E5322088A7E47B27B1:2
92ECA925FD187404FE1BCA5B8F1511330E6:1
935393A8B9DF264B845D26D13F73540ED66:1
94F04A26A14C4BB7FC26863A946B402D627:1
94F37358694E3DD8A50D85ADF75B92530B5:4
950D03572685A06832E7203EA3A96571174:1
959423FDB8072A1AF23AA53E209EED4F71F:3
959B92CE44931CE40EA4F7BF86ED1D55E49:3
95B0823253C27DEA8A3844BABB2D6EF4720:1
9625E865BFC6159A8A7C6AC3A3F304A0487:2
9644EBA40BF8DE0D26B5E5FDE0DF5419F50:10
966D453951D1DA9C2D35E20C306A1ADC5CB:2
96E1324AD294D3BC1F3291EB92BAD9E0464:2
9722AD56F296E003F63F49F4C40C9BA5AF2:2
978FF0F8864759895F1471A9FE72F39132E:2
9792A7808D419879062161F795F16A00B78:1
97964B7A88D383993977D13B8F8658B4C11:1
98A044AC8A4DACFE599A53CC77F8C10B298:2
9973088693531648600BC6F4D2D85BE5D0C:2
9A032F0C35757CA025269CBC847B83E5E46:1
9A062BBAE4DEE3522AB4696CB16E61CE5AF:13
9B113C539CCE128423F0BAD7AE428CD9B3F:3
9CBE2D5D8E4E64F26933591E55816EC8DCD:3
9D6B1850F3196CB157D3EF7C750009E50D3:2
9E6BAC34C89C691CA7AD828D5A938401435:2
9EB9EC61160C6A1550692E6345639B2513A:2
9F7C1C58A4CC12026DE9940061B8286E574:1
9FB8EAB607266F5985D333CB2F02F43C1BB:1
9FC5E1F661C63E7E6750AB874CB95ABC05C:1
9FE2AA4188B2E726E4D90BDF24AA3348592:3
A029849816060F55BEABD347596B7F94D3A:2
A03FDE599DA6F75460A09DB080610AA63CF:1
A07925BC5FEB108CEFDDAFC475816E6FA9A:1
A0994AA05493CEB87F8DA4A38007A3EB4AD:2
A0B4B437819257B016669125CE14A115C26:3
A0D89A14503F0230F55690114B963C55E03:3
A0DE2BD183FF715767A15FA3DAA48530FDB:3
A1E0D32DD55DCF0C3F44B4E7BBC1FCC6CB4:6
A1EF00706BCFA6CC74EF12D53B65A18B942:2
A3088D117EBBF9F01BC7C2BCC0CA853D787:13
A41836BFF4423D1BB6B9E671E6DB2DDB0E9:6
A43317B5F3448154CB82E544DAFA48A4995:3
A4385CA7D823A1FF250FD542EE1F3316FF1:3
A4C9D03A1A6A8DA5CE59263F492E072F98D:4
A4D990E8DDB4031A5A696B7BBB233BBEAA5:3
A514CAA20A13E11C5C21F47AD207D40D69C:2
A54A82CDF5C1BED707938E4CCC35CC52DE9:13
A5A6DE529D2E91B4850A76527CBE907FF99:2
A5EED6BAAAC47BD0AC16FAACB20832E290F:1
A6404D032CB8733682E2455FF270B51B4C6:3
A6B088786B4C8E4D0E938E42264AE0A2DAB:3
A6B8D40B122348786A0E9F54979C4534C76:1
A6DE05FFBFB4802F8F8933691B86649D6D1:1
A73E2550E4AFE79979275F7F262A7472EA5:1
A8F95723C07972451DD49ABD47796D16ECF:3
AA04C20BC2660F959B4995F832563A3D42B:1
AA548CB58A1143E1FF387BB48940E4C1CA4:2
AAB43D02777CBCAA8FC355AC610EC4E1DB5:3
ABB05FC9202A75697E0935C597E44DAA8C6:6
AC5DFDD80C24DB2599B0D7D1769CA53890F:1
AC614A390E3AB3532DDBD8B75E23134E287:1
ACB1E61F063FD80B38DF91B604771A3A094:1
ACDBCA84F04E6A9F2968524E9C5706BE3CD:2
AD56C7BCBD7BB401E7B091EA65A35AA1CB1:5
AEFE6664E571B83C6EF45AC02AAD91CFEFB:1
AF1906514F6C5F6A43F6AD038FE403CF63B:1
AF6730830C251D04DF9D6B999031350DB58:11
AF719770D0355663D30A6189A1FC8614138:10
AFA9EA771F07A4AC54AC19D4032C4EFF6DC:1
B038DE896B9DAB3AF4873E89BF90CCE1EA2:1
B0A7F6DBBECF4FA57648ED457E1B110469E:4
B0FC884E397D7F4CD08DBD0D6D100FBC172:2
B17E5791785D85EB6E0EF2F5FA418F0DD15:12
B293378134B928F595CF4CE1DC8840B8387:1
B2BCF8B7016D6DCB4DE03D7A037DDA66F3B:4
B2DD8FFD78B435DCDCB7884073DD29548B5:1
B493BDBFC08D892DC058D924F9DB1126D80:6
B4B9EF062EEEDF03C9AD2EAA009CA406D3F:2
B5E74299CC02A6CB3E39AFBBAAB5A38E14D:4
B64FA1D8DC6801919201960D4AE4DCFAB00:1
B6840D365AE8F6E8A28DF0AC08302D0E549:2
B8DE418E98D3A0FEA0F537BC917432ACCB3:1
B8F03441B9B66C92922D0B842DED050308B:1
B95581CCABFEAADEDBDA5E8796AEE0F07FD:3
B9DF2D16A8B7C7C0CD29AE8872BD7A51E7E:2
BA68C9F181843A954B05E4F09A4608996A7:1
BB0051D4EAAB6E2C0368CB30B950FBB0FE1:7
BB67AB67C9F8152410FE438A0D0CE49056C:7
BBDF92AB930A8114C7297C1C381990C3AA6:3
BBEE2665F1BF24EEBDF4F05FB27789FAD7F:1
BC9C3A887917A1437CAA9B104741FC87F70:1
BCC0234C007ADA57D34C925B8E406E70A3B:5
BCE72E2DABA928F2542D1F0D8E2CEB9E5A9:1
BD515E54DAA3B0F843B93A57FD3B65835D3:23
BDA524D42ECF760C1B9917B559423B04043:1
BDCE498AA6645268C5BB294DC27960CC85E:1
BE68388DDF46C1C078311D48DE6869B7D50:2
BEC8949A606AB5AEA92A93B401E36FC0109:1
BEE411256CBA162AC2058BE6E14EB345591:3
BF8A57AAF7D9CBCB6A6BB4E0A53763DC949:1
C0692928A740174988145314DFDBA10063D:1
C079D11F9CFC99575C037A1348D1F966986:3
C109B5A4105D020D19EEF272AF83CA3C61A:2
C14649B58683B8EB520E95194D07722B956:3
C2EF0576BCB098D31FCB512DC508B4E8B6B:1
C3FC68CCCA226342D4F0418A763B635D6DC:1
C48D3E049B63B8EFA0592E28A0185E891BB:1
C5D93148D9B7B70BA93CF183B93F5C77A3C:1
C63030174B352957C711DBEB47998E2471A:1
C73FA5601F86355B0D6B883E4D22C28C0A9:2
C779317A0F67B858A8D03DE50081B8CEF6D:4
C7C2941FC05A6FC5BF89F71182502EA74BB:1
C9F2B1EF867B0207369C143A16E9326177A:1
CA25037818022BF278F55E591A2B679F3E2:3
CA3876E00CC971645A62EE37BD6C6228017:2
CA3EB65F923B0A9BBB2000EC14DDFB735A7:4
CACB3A762EE27D0F6C3D7219A4AA788C5E7:3
CB3980D74E723667F2E841AD2D66445447A:1
CBCAC962CDA1D8615858EA632108513F41B:25
CBD44F8D9EC80E0300D2E96898FCBF2AB94:6
CBEAB1990E236DE72F208F2698156CC91BF:3
CC14BE6B68905EBCC64CEDC8D96341064A4:1
CC445C82C32526F4B825F469613275B22EB:5
CC87A30803160DACBDDD802E8E1781723FB:2
CCB8463D5285E4CBAB40FEF7DEBECF2E11E:2
CDEEDFEBBEBE155E62560C6E1DB3884A977:2
CE60170DC9CE48297FC26E5A24409C7A3CD:1
CF1546B2C64039390472874F4DB9BFE6059:1
CF53EEFB7D0BD232DFB3350EA0773E1ED55:5
CFA7FFCEAFD0B925F500F720399F0294CD8:7
D0AA7C56DE30C016B2F52CE3379DB79BE74:1
D1BEAD71AB78E02FE45D2AF635AE61B26F9:2
D1C26B606F7CEAFEE3A7A529C9BC8E59F51:8
D30A815F3ABEB17F2D20DC73373A7BBDC19:1
D30ABCF770EDE0E0E14C41EAD3EC4C59B77:2
D34C1BFDA5BBAD2564E8B8E1C330AD37EFB:3
D34F738A931FFE0719C8191793025415B1E:2
D3811F444D689063F9083E0B643FB09222A:5
D427B0532F5BD9938761090DAD246DE7E36:2
D45699D0FE243A44C67AE4D9E9BB315C6F2:1
D4C70EA6CB7862A50396BBC6170C874481C:4
D4C94FACE32967FA4934DF12C87EADFF303:3
D5099A55992C501A51F1EE69A8EA722DBF6:1
D573C38196D20E67D4F082641308976EF80:2
D585D8694D67FCD61DE7C83ADCFD9A8BA30:2
D5D7345B23A59200540D779BB59A27B70D0:2
D5DCF8812A9741E95046D257341FEBFDB36:1
D6DCAFA5A8459D3B1C2D59B8A269E2F4E92:1
D6DDFB222B5338CD41907625F5BC28CB839:3
D767357A58358454392424E48CBC42E0526:11
D7E18F17BCD6CF06A38EDCEC390DBA0D499:2
D8118A1DAF76CE668BA3B791F26975A3A7A:1
D8B05CFB642DF80CFA8BC5B97743E14441F:3
D8D0878A1019D5DE4B76F8B35C0F32D1ACD:1
D8E3BB0FC5BBE28A3416C0ACE23F40F6686:3
D93761C2B0573DB06518C4946CBEE3F42E5:1
D9B297E3848120552779029D8E6339ED997:2
DA6AE22EACE49E10BEE6671087748597436:5
DA97D9D88217DB66868F3F2868A581F27EF:1
DAFB04892EBDB99278B340CE16023E8AD97:1
DC1DB9DF260DFF47DFE17512B704C497630:1
DC7BAB0C16BE42997A3384D6E9E953C83F6:3
DCAC388D02EFC29B52EED6EDD9BE90E5EBE:2
DD10B13B693FDA33322DEA10FA4A5D2C99E:1
DDC08EC31F0330472137FFB9F42C5D7420C:4
DDDD1C297CDB6A0AC78173ADCBE1F4E15F9:2
DE84FD8B5390516C5253A1ECFDAD9C22918:7
DE8F74263A0D362AB0250C77C63A8B758DD:4
DF3EF5C1932BAC4FB0F0901852CD520863C:2
DFB8DA701F80E755A5FF4F72DAD74755EF6:2
E1823916E714BB1C96D96A35688956E425A:1
E18A55A011BAB63265828DB9F3B1BCC1AD1:2
E21424BCA059E42E4501A87D95887CED37A:3
E2722362D5AD6DC5046EEAF251E21B01D0F:5
E2CEF0B8DC892BFDBE9F7C1203BA0EB33C4:1
E31714AF1F0A2FCE2891443C0B137A5E825:30
E38230DF085FD2CB962EE0B3C8213EF6F7B:3
E3A9FA5D40BCF582C6DB1C0F3DA29FC67C2:4
E3F20518DA27D52F555ED9C427EA5F35CDC:102
E42B9B0A7C0329BFCCDFB5DA8816EC2C3EF:1
E4B58EFFE777C9C80143959616AEB99647F:3
E5386FEE792617E0B58C7D285A69DF8DE1C:1
E58646CD07D93344EA52D2F8696915E3C58:1
E5F6975DCDD5C34B1744B96A6EA3CD8EA30:4
E6060A9F4BC84AC71BFD28107EFAFF6F313:1
E679E2A7F5A4C31F58C913BECAC89371EDA:1
E681B41B1184692D0860109AAB2291BB8EF:2
E7476D2E0263E3056E01C1FDF47C375A19B:26
E7912242161E7BF8E2A4CD12B549631B742:1
E7E59EAB8D07CD6C72F74FDFAB2273CBDFD:1
E7FB0B4F419528FB98745C5DD9ADF7660A5:1
E83711E3822BA6B151F4AF4D3964EEFA305:3
E873745149184FD0B07D7F876B9385D501B:1
E892BDDF99AFC3528FE3BE9AED20A6EE662:2
E8CB4466726346FD5FD7E358846899E3CB2:107
E8E8D3868877D3984694075DAF91F670FF8:1
E8FAC682EFDE9A08D102865A36FFFD82FB1:3
E90F08C36AD2D49FC8AEDA4E974DF61EF68:1
EA4B16A3C86126380A8F8E255BDD66F6CEF:1
EA5722AC643EEDF1D7DF2C92C19E28FD9D8:3
EB167D2A004F63B0E23A3A19E916E0EAF36:1
EB8CAABF330C988157D4CAD632DA82A6B5D:11
EC445EBD9EED37FFC6042933CBBD1023635:12
EDCA8090603798520DD968C3A1B7612979A:5
EE6180DB2BB0D95A8FF8B4EC83814628BBD:1
EED4A0077B36EE715AC85942522FD67EFEF:1
EED7E0B0A20BAA4E29F6B34938B95CEB4A1:2
EF282E3EE722AC7ED7927F09F3BB1FA4ECE:3
EF4313A9858C81E5F901452E40D82F4449A:2
EFFB772F9307A9B7E2C75612A8DAE8F2CAE:3
F00F6CBEADF13C511A1E31B408579F79561:3
F0A5BC8AD2EB0ECEFCBF8FA57EFBC3EF9BE:5
F0A6CD751704B8FA2007E28B339BE8BB1EC:8
F11D621CB3A18F9468679B2F894E7FFA102:4
F15DEE78C7305672959DA05F809919825EC:2
F19A44C2A2C582812F1B2F9148647407FC7:8
F1C231200516D223C2C59F59E24514FE218:2
F1D7B476CC3139D6EA937B233628E863077:1
F210AA4F0BDF49B77400C69133373F6A673:1
F297D1CA884343F0B7080F8E617FF36447E:1
F29F705ECEC6E3BC4B601F94BDBD0A920CC:1
F2EFBADDC78677C51EE1620F54E99AED062:1
F2FC538B059A4C3D74B3D5879CE7210B324:2
F3557AAE4BB6647F372693BF2C0E55A2198:1
F4FE2F22B9805789A5F089F2C706717A4CD:2
F603C411F9F01E5727A403275FAF94E5D4B:5
F6E825939AD43EF6406B30B983EA402CB23:2
F7166A10CA04C79716DF8FC56B897D219B3:5
F7868900368EBA9B67C52A19ABA0B316D4A:1
F895115DC1D2E8A813B497DADE0D67961EB:1
F939C04568AF01B8F0EF0A9B92B79C7750C:3
F95B2776F8B9BEFFD9455A2EFCF32A1439F:2
FB59E782EDD7FF2A57FE8D2CF7E95EF8843:2
FBB44DDBB255CCA16EFF2ACB6BFAC501608:1
FC2FD8A42641F2493333D371E3DB0E8D5C3:2
FC60E2D98B1ACF63D22D4BE39000648F9EF:1
FCEF47B85BD87CF16142FD1B688C8BB4E46:2
FD3B7D7F9DA7AD360AFAFA8872A9AED8A96:5
FE00B1127EABA3F4C576404DFA1A151C6EA:17
FE6D3894A00E2F6D366FB630C38FB161157:3
FF72ECE3200DF8AF982DF877D983436101C:7
FF77C43A54ECABE58A9E18413438F1EF4E8:1
FF99DAD5D11A3238864095387183017C971:3