0119016BAD86FB5C5B64665BC916A81DD97:1
01570604C91756D66C9E9E400D77B3E7E14:1
01DD96F47CB6B947D6B46EAEF52FBA81B13:1
01FDA73F9E9C759360BA1C4097820E3E28D:1
02362C37938DDEF53562B97C6577F27B95E:3
025DB8EB69BD296301612CE97DD92F16DD1:1
02903E4DF4F00907B14243D2922C3EC76DB:1
02B24DFCF7089F9B8FB0B93E3DE1AB33F25:1
02DB644AE32D7F0C216EC7576B762E3047C:6
03B12CE3E7CC73C9F05CB348696C7A64465:2
043DF798F578AC85FD5E3DE901069215B04:2
0487883265C4B6725843FFA382A00220FC0:1
04AED64827B7EE400F783934DEBE5CCFF62:1
0528FB4D44D8F1382A8C85596F19A01D486:2
05D00539B2C8BCF2F6F1E959B4C6A88F8DB:13
063BB1EB37E1B6DCD2FBE15C64AF3A3E205:1
06AC6A3398B07B1CC8CCC7574A7B2878AE8:2
06F07CB53DB80218C0E027950B97FAEB4A7:1
075B1DD33A32B4238B503BD510068A62421:1
07759DA81AE50E49C47FD336552E9D509F8:2
07A566B02D8530C2F03E2DA4FC3CA456C1D:1
07EB6CAC1B4140FAB9E92B2F418189794BE:2
08560A0F8E23DCCC7B1D7FC73E3562AE14D:1
08CDD2BD10FB2870DB093C6DCBD474EC0D2:2
09520072063352CBA20109D3F17CF6A6FF2:5
0952E8D8F6899CFC85C0042D3832D2AD61B:9
09BACF721EC9EF5B7CFE99E0E29F8FADD85:1
09C37F4B7A1FF9FC671D1584C09A1BCE132:7
09D8D9DA415C26EF13CDB4EAA680778FBD0:1
09F6EEE8A50253307C245B82824FD6777AB:7
0A3F4F9BBFEA26A35BBF527A5F881A6206A:16
0B541F372213880D779E520C6687E4CAA27:2
0B75B0724E2B5A765A9210D0EB5F7A93EF0:8
0D67776D7D8E0BF9986735F57410D7FF134:1
0E6B393F5180793C15B9310F89CAE5BDAB3:3
0F354512C2FC2B4761A45DC1FEAFCD2C635:4
0FACCA04294DAA81F37D2089FF70A99F179:2
1007846CC7CA829831EE2C28A65B0A9F8EC:3
101416605C3E920EA90344F0EB5B325585C:1
105F65D9837F53E476EBAFDA9C567BCE2CA:3
109A6D4C7DBA15A5988050F161BF69F3141:1
113BC3E207C1DE328A73C94CB36B1E03CEE:1
1146983738F5F767F713E83EDB5F260CA38:3
12CDF7C0D7F7E19D6401D5A479C99CB86DD:1
12DEA9B925EDCAF3D4D56B17D97F7C14459:6
133CF835516AF29CE2F6F0A51C93C147940:1
1371B24376E119D2AD7E40FA5FF7DDB8EFF:8
13C93A3D5CAD95684AEB2BB1ECDD75EBCC5:4
14F8E2C14DEA76B6B073D2C1CD5EA544F1A:9
151DBB62FED9D228FDFD843DA9F91ABCF05:2
15D59970AF235813FA118496B6E82E76C25:4
16F7573628F9051FDA8953BA457E1CBF4DB:2
17172358A1BF06D9451F24BF09745917B85:1
17BCA0D1CE206B0D6C32D4CDED3CBB75E6F:2
18350FA178F37115193AACFA0C461F29E54:3
1893FD30AD7FB402B746C7DA56A7B2603F0:1
1914EC7D0DE0BEBF4BB0D014FE056A7F723:1
191A22B4CB024A3DB7E5E4F1D513DC9451E:1
1A6418F00943641E04E9D085640AEF09099:1
1AE5ED0EFF337D4A55CBE72B1B6C55E8D44:4
1B66AB39DFB5159FF2AF1C2158B854E782E:6
1B8B17CD04AA1C7C6F54198BDC04AC11CA3:3
1BBC29CCD8A2C14CC9A9B6C93BA0E05C2D3:3
1CF90E84032A6DEDE5BAF2AD1D7B53D161A:2
1D6224C028B42C7AA21455FA6BFA871083E:1
1D6DD5EF8B4CB5A90EEEE1F45FD95700283:1
1D786F8D260F8A88111D84D966455F557F5:3
1DAB010BD73B74E60E816170CD6E8A8587D:14
1DD4C70D9BEE88EB514798AAF90A9D30BA9:2
1E09427A1D7B83A0FE4AFD8184589C7780D:2
1E3F562178A27E008BEB4C1B484BFCD518F:1
1E9C401AA7A06B04662F4AABD73C29FA985:1
1EF71E6730D8AF9D0001245687D35E90680:2
1EFC0687CA5BD857EC0835C5A8D53E715C0:1
1F29024AC7BD4D608E3E83E219CE0C9919D:1
1F2FFA44021ED1F1A3A89869BA56F103D40:1
1FB40B8E0942C466FA1D9FD2923E2C48D7D:3
2036471B7A37ACDEBD92DACFCA85724EE39:3
20951F397E4A72CCBA06A857DD7F5F63BB4:3
20DD4823678BF7AE57D57068D2B4CAC6939:1
21241C8B1D3C33F9156DD5A0B7A749FB59E:6
216E12329F2858AD13D10A9B15B4E07CC1F:5
21D6B9B1848D7715F0E26BD3A035CCA591F:4
228DE0464FD044870E4A2C12C405FA296D8:1
2298E769147EB01D547E76D7D9C4E56732C:1
22A1C1CEE3A2CCD74527827990302C33878:1
22BFD09F82EE54BBBD772B7280568248749:1
22E7642DBBB7944074BB771B5A8C4DA71A3:1
22FF5A9A417D7C236F0F3675318B3C47F7D:1
23C8855D80CCE7A135381386BD2B0E266C6:2
23F31FF1141700B0E9FAB33A6169432ADF9:2
243A187CBD22A0F0C0166A7C3C048DEB16A:2
2468D6AAEB2BFBC255EA95912D9B15A1F0F:1
2515E6B3E9223A1F3FC509B2D3406A6BE46:3
2522CB7F40CDF82C611F255C218543BEA41:2
25D6C8BA93C815F1C21B58AAC8B464C37CA:3
2679B3195F1567904B1C1520C9CBE648AC3:4
26B17F26FD499939EFBACC82907082029AF:4
26F2868C66DC73086FBA5BB47AD6959B63B:3
2707914D6CB97AA27ED6B4B2029212B8A0B:1
278C7ADD7A6925FB0D29BB61A677FDDD252:2
279A2AEAF9EAB5392AD6FA1483DC7A0E037:16
27ABD603710AEA03B9EED088BE7923A0F46:3
2952594C0DB9445A08B6688A27889E59EBD:1
29BE02220BB9C0CF56289A886ED358534A1:2
2A093C4A0256809E84E46D3D15EE878F246:5
2A717F0ACE96C8373C0072A3C007E437970:1
2B1A4F68365DB8718354ABE4E6E8D700364:2
2B29426EF4B317E66D1DF5BD2A83AB9EECE:1
2B4ED9C5AF1E99EC55F126DDAC2E6186DE1:1
2B8F5C5234114678A5972AA56A25803FE3B:1
2BAB97B21E9A519692653E3ED275BFB5802:1
2D094AD65FC3B7A794D0EF24794C186E579:10
2D39DAC1571F472458F5B6AFB30BA1A4D81:3
2E6B9A14F90EEB49B18690098B6284588F0:1
2E7C9ED90965ED1CF427BFF558B51AA4BE0:1
2EC940E349896DF218A7ADA58E938772041:4
2EFA580508E5D1CA1DDB642CA6ED1217014:1
2F016FE83B08687532A0D45DC83CD9F3A2A:2
2F66A4EBFE51BF3CDDEFE44E7C931EE53FC:3
2FA7D5649C3DC3F5FCCCBB0C7781A70C41A:2
3007F0F42EE0AC7DD0F481564B23D73A048:3
300C13D0D8EE67E27E9FEBD7354F40E234A:3
306D48B084D767B4E48ACCD92965AA7FC50:1
30904F8BCB4668F67D19D7C919393EC0459:1
309C80486ED200508A48DF44365D31DDCA5:1
30F52C46698EC1EE75939C077F633971AFA:8
313753679C3A3955B8E985F92C045B02A29:1
3173B16C746A53E3F5A4285B7F14ACED8CE:2
31BC4598F79A8B038C704F1C1310A694A82:8
31E6F92C6BE10578A0A1555CC4E1E449F29:15
329314208AFE093F3B8C850457C3EE08EDA:3
32F46DC9B727CBB03DF3134D3DC4350BE1D:2
34940B5A90453B7A0B96B90AC3344705533:1
3553D054A1059BB4973407C3624C97FAA05:2
359BCC9778DF8692D676848405F643B5742:1
3657BF36345DFC19E55E31D39B8673A86F3:3
366F26AE0E012929BB27F21DD374A1DFEF8:2
36B58077C81722B7AEF45B651C59B822682:3
36D62C2DB20ED0EDFE1DE066B532E0B0F7A:2
37C1869DB853ABDE158575AE65172139021:3
38A216B721F2F66605AC9F86E62F4144FB1:1
38A39EAE3448C02195C0BE04AAC7B882A64:1
3933AFEF8B4241925AC0C22AC2E7A8293B2:1
395173D40F290090A39A7F97D60A2CEA884:2
3B7586F5AC418154D4F8FE438126034883E:1
3C8C91A70CE6FF546610591156F4C5C487B:3
3CB4A18830D579C8D1D571D8E5F9307B6B7:1
3DFDB5CAAE5FE78EA6B5837695CF59BFC68:2
3E498D8DF77ED60EA776B79D67502223205:4
3E513B01ED94B38CEC8121190B8B7D33708:15
3E64EF489803EF86FC84672B1BCCD6523AC:1
3EF62F76F902BC507C04901A0E10B7212CB:3
3F6473A1CF71A5BACB3525DCBDC336F749B:2
3FD00CEE87B2A3F8AA2187A87AEBFE5358D:1
3FF49FD12AB71A631D1D3997FE28CA914C8:1
40539E0B4F9D95044EE7865A9EF433FA9D6:1
408B8AFCAD3BF7F34108FA70FC901156FEA:1
40FF8A74872749CDDA377435E08561918FC:3
41145172695546E819E0C1CC8F56C882BAE:52
41DBC758C2D9B0D25A853C0F73823F68BFF:1
42B8ACDF90BF0DB9BCB9246616816DCE33E:1
42F2E1BE8EF303F1D1F0FB0152C412A14FC:1
43F43C6E6971D349D0DCDE02FAE95BD0C9C:2
44195F43DABFAE253B5E72A60F0D8F3E139:2
444CC47305DEEC0CFFBDFAED653D4E2201E:1
4488FCA8725D56035F76EB6C8930C56F662:3
451BDDE7CF89BF8D879A1023465109ECA80:4
45390C45EC5EA8BE2B4F989472F8A13C646:2
4577F84FD87CE6F1DB91733103443805A1B:1
45793373D8E7474E3B7644E9EE41930BEB5:3
4585E6C7FC97FD0433FBD34E2C52FD47435:4
458D5746AD89E2CDC962B8A3B5EB3A23615:1
45D0CCB5CD22503B400C9DFE22E7C83BEAB:1
45E6569B1415983258D8CAFFA4786BB5708:7
46BD275B8524AFEB027524D21F3987F985A:1
46C4FBD59A8CCF998932408DB1CD9B613D9:2
46FE4F058F4382F2BBE136636694B7CA1E0:5
48424CA711EFAC26DF6A640623989471F1E:1
4887090E545D5DE2175FFCAFE85F08F7E3F:1
48D4FAB1A08B1CD57E624FA8B7CD525E091:12
48EAED7FC616D5EFBA02105EBC28E4984C3:1
4936E8CC2990F5599D06F23380491CA2DA0:1
49379828806D08F15BB9B02A6E24FA64C05:1
4938033B38BF6C871784281E8DF7F0AAC25:1
498BE8E1C5ECA64A595AA134FEA6AF62D2A:6
49957BAC2CF9054BC5F3F5D661741BAEC45:1
4A5C40D31A15085F707FD296DB32A8242E4:2
4A7648EA58FA88DB816CEA21B9A28AB46E0:1
4BEB9F7AC6BD8DA4ABC3CB4DEAC4F4B791B:6
4BFB7EDE216A470679254B7D933967DDFFD:1
4C80F985BB2B64CA86D6835DAD4C9298DA5:2
4CE2ED245DA346D5F8CA224BB70CDF506CF:1
4D873D93A127980831E77AE39607E1365CD:1
4EC6A871FF6DFDC84E1FCA98D02692DCEFD:3
4EF64E658E5EBF582196F5BAB52A851FCCD:14
4F8977743649A61EDDD96F04424F010B231:1
4FBEF0648CD1AD37F1607B7FF1A447F9130:3
4FE7420E3690E6DF97BCAE0E33755C0A752:1
50180413B40027F01342F6E2897F513F734:8
50434A16B2F777A53BF6FAB322913A0D29B:1
508D4CC94788B5BEE56D646774A292BAB66:3
50A46E4E32C03ABB4C94754F0BCBD9D8CE4:2
52887AE4F0E658ECD48ABB0D6A815CA0718:1
52FBE9472D4F304AAD76C588863DD626851:5
5320A8A4CCA7337022D87EA752129CB4B97:1
53383F8EF10C770262975A4C489377AC0E0:2
53420326731D4D4A14513717359D4017549:1
5361240391F6E87609C3D57085260969746:5
5438F1B8ABFDD2E8DC45EFEA5D66E6CF76B:3
54CEBFB6B8B8DDC1DEC8C879220A03CAAB5:1
5581BE0D984CE01D0533FBE3AF0B0E1EF01:3
55C94DF40F77A0AA3435539D4B50B6B39BF:1
55EA98046D0700245904703C49F8C3491BD:6
567CB175686E0FC21F211D8D8C9D35F9919:4
56F91B495E163208DDFA9C73B8D58386224:4
57F0B3560C2B4EA50D670E2C3267E24E098:1
58AF951B9E3E555F4024708449C48E4622D:6
58B6C05BAC394D10FF6E84E7643D81BB4EB:2
5978E0DB7F8DB2C8CC036CD26FACEE63901:3
5AA1B671FC8F6CD40A774F497FE3ACB9114:2
5AF1F271D0FE9A6840F89E770BED5656356:1
5B69D01C00F37A361AEA63C31C72B5BBD4C:2
5BAA5A861CD62439B38656D9C5B3F7197BE:10
5C6082B48F9B45CE13B6AD27726DB1832D6:3
5CCD8B752CDEB57AE4509F7EA3B987A1340:1
5D0E14AEBED604156AE805737104E2A1EA6:2
5D73B587978516DF30BB32B8B1DBD84B9E1:1
5DBD695F5387AD07B9A0CCAA748C5085ADB:2
5DEB989E453ED967A5A0395DF5A0F0EC1B9:16
5E64A05B2EA8D4873BA5A3D223A1F27927C:15
5E9973F477B11E534E26B1A015E0C9DA1E3:3
5F4D99488047EB56F12A6CF52CC2A4B8AE1:1
5FB754066DDBCBE14336E9A54DFD183343A:1
60034BB10C416433DDA0663E9F87D6A4C75:4
60610B82160318A1B1B09CB5B7F56109825:3
60F198C7E6D409006A1F5750F69489B11B0:4
60FA4620F46F96EBFBE37369F920784AA89:3
610AC23E6DA39BD4029957DCA9141F89204:2
614C3218E96FA8E87B65E2F12D2E6B58C70:2
62AF1D01493A9519E496D0AD8CEDC3EA18C:1
63475C1300A542FA5A8212366F5FB77658B:1
63889BBD9FFD4EB03E9AFAF933F56431427:3
638D04BBFE2F9C85B57F8FFBAF4610B9DD7:2
63ED9F41F70A5935D15FA56E6A3770828E0:9
650F262238B8688148D7DA560CA013B9E9F:1
65A7961D89D886014A0D638F92D1382FD4C:2
65DF8651921A27CFB3301952F8A29BCD215:1
666B891E49B37D201FF00A920FC90240798:8
666FBE14012C34FAF976865A0F39EC812EA:1
66B88B100F71008D7A35702B62C2EB0A48C:1
687A967D285AFA55D01162BF55760BEF66E:1
68B22D7293CAF618A52E77906747DA67C9E:1
68E010D3608D5F0E3D2CFBBF6D22C9E7735:1
6A2163FC0F8E2E3948DC2CE4CD8332B3D2B:3
6A3772DD0874B144849846E3176A36344B1:2
6AE9A80DEA096B1BD8ADE9566E910CE427A:1
6B0CE70ADE26E623D7DE6D08488A819D89B:2
6B911BBCAD38FB4E2B9538DEC0B503A33B7:2
6BB374E3D8BF51443DCA53A2A72A03C4525:1
6BDDF612BCEED95037D6B0942099864A121:1
6CDFCAAE2A8101D3AC9E005A4C923A4D62B:2
6D37E1785BDE0297B58C060578BC6ECFBE4:2
6DB139674033D3C79C9C14A21292BFC19E8:2
6E366EF35807886B5FC1EF5AEBCF165CEB8:2
6E72E719C5CE63793374ADAE5C4C1E6CFE7:8
6E90CEFE03FD19C3379FA1874B6408B1EF7:2
6EF9FB4F129542C926CF26A4501232FA0B7:4
6FA8E12B0A1306326407D481F570A4444FD:2
70A460CBBE0E54710D733482EBE8686CCE2:2
710A0592E8E92F3B027E897185A2D43F16F:2
710EEC7D468EE6B1C7B296B587BD01C31DE:2
715CBC6D11F3F20A5A51D9C5A047A42E25B:1
719EDEBA8F3F0F1143B082705A802DA1E27:1
71EDB25BE388066FD260EA07DFFFCC4D075:2
723D883A4EF1DA49565D7BC8057203526D7:2
724C682C077E1AA697DEC9E6C7C8CB9E3DB:2
72E355B447EDFD362D9CA40351AA02EDDAF:1
73E0C48724CE84DA3B7EB0605BE6BE018C8:2
73F9946FC5221015A068BE86B836A5824D7:1
743FB76E73E4D10FDCDF23F29C3830DDBD6:1
7560AF4C8E5B381CFB97551CD0E99A82DC9:1
75EB518ABDA2F3F6E2519347E8A8BDA1818:3
762858EA0BBC005AF224C2476F704CDCD44:3
763E5D7DA320AF02B17357F26896C75F32C:2
7723289CC4402515ABAF1EC30EBE3833326:2
775804DAE0B8A097EECCB628DA7FBA5CCEE:4
77C9D1DF608BACB782E2DCA6CBE5FDBC297:5
780480A416F1FC39AAD0D13833A7E2FC227:1
7896404BD69E18533615C195DEF916B17F7:2
78A75DF3CDBB65EDFD382F4A26619099948:1
797F38AD22A48C5464FC08FA0EE1D5667BA:2
79C025577E1167BF95DA069970BD7872DC5:4
7A1ED19A08B5D984C4EC0AAC9CC15C702C6:10
7A61CC9CECC89AE06E09C2204C49C2033D9:2
7A87363CAD14FCCA419F547A873C2AEF6A3:3
7AC2E19ECD3A2A57C2ACF83BD020E6E2CDD:5
7B6BA337221C2B4DA6E193E41F86846576D:1
7BB51053E5E5AB7AB2D69A09F6E1923BEA0:2
7C8ED6D32F0CAE93179A9BAD39C04039A6D:2
7D1F83A93C11EDC7E8BA7A09DC609D5CB24:2
7D454E38713680E7BB9206E47787C6EECA5:2
7D5B138CBA4802D88B907DD380E546C62E8:1
7DC75E7D5276CFBC52589BCC3C0525A7964:2
7EBF1331619240CF22174C54F61CC0F3DD8:1
7FA66C0B8A6CE511017714FA4222483131B:1
7FBF27330A50CCBC9E050B584BC1E3E94F9:2
7FF0504EA802AE52269DEF60F27505120C3:2
81043B1394B1F725EE802C11A8943FE6E16:1
81DEEA5DB4C66183089A4D1814807B5E77A:1
825856F1288DB92425A794249850F385357:2
828A4026F988E7860F3F89937A8348AD0F4:60
82F46C8CF6E6A896232FB5BC3D650AE5D9D:2
83286DFD4C6351ABD7213D73AC7A609F264:6
83D31D993FD53C7CAA3B66980C1B3C97AD6:2
8670D8F614DFB352D1E78103B2CAC920158:2
86D3EE0E60E3D4656C38B1ED28334D2E41E:7
87AA83D766D05A669D67518030287147640:1
8932568579B8092EAAEDDD2E341B03BF926:1
893B3318C1C3F7B0148D7012DAE9797A051:1
894FA826746C4CF616A7E9EA83FA7AE5D7F:2
89E3D7BB053CAD7779A6C110C7BF2836622:3
8A67297DF87CAA9E348DC52DD2B2D60CB1A:12
8B8ED2E883F2754E0E04626430B0E62CB0C:4
8BC6251BE6BAB2624F4090A6F4A7DB876E0:2
8BE2EB1EE90BAAF7493AD38D7585028D825:6
8CFEA583C22A6A25C04FF51E0FCD1D6F7CA:2
8D0A84CE963D79F3135CCF843083F05CB6D:2
8E4DAC4319ABA9F8BA027618AD0875875C6:1
8F583CC100F12E9551CFF2E6D4066D8422C:1
8FC17D15C924F3785F0A6B56FC0925DC083:4
8FE1D9CFA803BAFD7B48F0DD93957769381:1
905861E48B3F677F3048CA8ED873EE73EE4:3
90C78ADB79587D6BEE3C1BF5737F5FBE252:17
914C1C25B5024D7015A5284AFDC8D3D4263:1
9190A805A92914EC006690D6ABEC2DF6D2E:3
919ED1D35753C52F002651D129BBECA8BCE:2
9266BA279A9AE9CF44542E656FE29EC9239:5
928B2820A262C97388DE8BBBC8097B74162:8
92F453208BCBD070D9F949D2C78A713DA3F:5
948DBF08A07166672EC96E45F25754BFE7B:2
95409530D5E4309E40E3AA021F692402C8E:7
954D09D40C27A573F227B63952FBD4F45CE:3
95D4FA36DC1F29C7036D8644E8C3EEC87F2:1
95FABB07C99276486F2EF61DF9AF2D029D6:4
972DEEAC9903BB599A72D922E3E46E5C65E:1
97E5F1A0FD777B1429423170F6EA5DF5230:2
9811B7EF6CBCA5BF32844C277106826AEB4:2
983A50459A2ED93F33FD95E6A7B8CE18D21:1
98700BC64283853529FAC653BB2D9B76EDB:3
98CE906D3658743202532A8258DEDB2F91D:3
99405623BBD1884B936415A67A6B2B6962F:1
99A89A200B9DF52EC0828FCA5B19ECE32AF:2
99ADCD1D01302E372316F67AB26488EA37A:1
9A83F3A5C5913FBDCF7E62D687878E4CDA8:2
9AB720D82196C3550B8BE39003D66EE2C9C:9
9C792BB3B3DCA06C0D71AC3461AAD47037A:1
9E088A1E76EC8FA0C9A437DF7A595F01B08:4
9E4DD9D0BBB5E337532C573134947F23FF5:5
9EEA434C540FC012003779BBCA80B538685:2
9F743EC3B989D81549241D15286345BD23B:4
9F9AD53AB9CE159D646DC11865A0E042547:23
A022DE365FE89462968E28C41514FDF99CE:1
A05A21EDB93BD7538D45C4D76913D0456AD:1
A1A648E5290565DD77A0484817E25AAC08B:14
A227FDA47696EB189BE52302EDA30819CB4:4
A231AC222853160D76A08D7201FBDF11A24:5
A23B165EA084A223DAF6F4B93B020717784:1
A327046757C14D283E925E8EEBE63FD4F38:1
A3FD3D8D3C6243D3CE583C36ABBEDE8498B:3
A40A5FF95CC2AF58DB882F470E18F8FF9A6:1
A4CAA82EA0D6C394A0EFB9FAADE444DB2DC:1
A4D18A52265FAED0A59C77C354C6B6E3B06:13
A4D6FA6F4C66AD0C857727DC90D489B975E:1
A4F3817803A00B13C44D5F795B049B8D000:1
A53D0628F2CBE565B5E56DA5F0EC823D0CC:2
A65DA4FF9B22C068737BCD55E917A3829FB:1
A6C0D14EBF4D5A85B2865AE624A7ED1D0EA:6
A6C4C99442B0495F2512F02F8263637D3AE:1
A70B2FC9ACC763E8AE80DDB167387704035:5
A746C8F8C688F01E4DDD87A77F938C51908:1
A819E4B91D53B75150C7F45740829154585:4
AA69CE6F98A4F307D9DD0C7127F4145FB3D:1
AAD6211A48B8F893D409E758943D78F8DF3:1
ABB4FB1A8C74411BF25B92CF82CB3B564DE:1
AD4324B98933F48568E218EA59930DCA13C:2
ADCD18EE6FB0A6958C6FAA0540231076B9B:1
AE33243920748E022DE8D371D5144958B99:1
AE572BF7FBA77E80A1288419FDC169DF0E6:1
AEC887297D01E5E2BB0C4672935600FE275:3
AF139CF980A7ABAE73AEBD1711FF3E1A58B:1
AF174785BDB81DF2DCA1E28E566C5F644D5:5
AF236FE5D20B053FF6DCE0EF54F927D849E:2
AF6A13550A423F359F808931DFD2E38131E:4
B02A41F589BEB1DFB06145DE1EEF8864CA7:5
B0A183E48D66B1CD6DF4918D27EED626870:1
B10E784A5E0764B03EC4121281DE2A12335:1
B1399ACFCD6F572D32B0BD0E93531D83CE9:1
B1516AF57B0016B9FE6689B7D95C3EAAEBE:3
B2DE2001F5BBF6EA20F2A843E32225BCE55:3
B2E82D330B965F83743BCC7110EFFBC8E5A:1
B3412CC2B8F136CF7FB26CC311887979E13:1
B373FEE2078848C3AD14CCCF7B511D2EA17:4
B3A09BB6FA69377D6022055915DE1EB43DC:4
B3EF8D8FD14EAA3CA94CD64FBE49483E8E8:1
B3FCA2CEE70444C9F8B1367543E19AACE50:2
B46BCF975FE3648E000A2CE96DB4F5F4F67:2
B49D14F698D6901C2A865D42C585379CD24:1
B4AB743B8FCA20F79E723A58D69F661BF09:4
B4C84A5BC9616E61218C59300616B3A13FC:1
B4CF0C26BE22B036DD890B542DC63E1CC3E:1
B522FD0971D35E86942C502F870AA045FDD:3
B5D3A7ADE9E0DD7C145ACCE1B686B2BA149:2
B61D90C30299D81C2F22CC67DA83DE1F2E8:2
B686C5F2EEB4C64C4A8A7260651C3E45738:1
B6E8D2D39B4E9A9D8FF4705CAFFCC5A1939:1
B75C3E4E9CB4B1E399EBBDAF72B83F3AFC6:3
B78446D7A772C0D4716FEDCF9E635BF9016:1
B7C6AEF3CCBFB9ECAFA6EE38633D95C5D22:2
B7D9A3220916391B69737CBE329D785F75E:1
B7E37F8B681AD1B40CF657075BB2346C23F:2
B85C0218018FF0574DC9A50E8234F3FE540:2
B877B44F2EF8C823C302C0C2C7682F7B843:1
B8806E9CA6B2513058F068469279C553800:7
B8C5228C8BA2EF20538E602F063DF253C77:4
BA635F51CD19A92BB8B7E62337C1B4AD543:1
BB409AF9E50ADC127787C81FDD33723A368:2
BB743FE7BBD3771D46F60641CA9FB1AE7AB:2
BBCF09D2131BABC59FB4F40FA943717AC35:1
BCF05F019BF135A79FACD78B75E5399C226:3
BCF54EBB540A3F84F143160A5C6BD369DEA:1
BE047621B5801CF1CEF67C37FABBEB1AC8F:1
BE26D9069F7B63400D4E5208411F8EF2202:2
BE5EF94B5C576FBCD5EA46218C42BCC6688:2
BF1FC5ED097D40A55E4C555E030007A0CDE:2
BFCF43A03F64DB28EEB829B7D7A3AA1E226:10
C103697CD46BC2255F63C16EEF3B0CBE638:2
C10E258EF3625AD61438D5E0192D08242E1:5
C1645424079C74AEF9D9879FB9E9FF6132B:6
C16F1470A6982A40E7E40AC71A533DF7E4E:10
C20EEE388BB36B63AB3011D796BDCB320C8:1
C229122F3917EDEB3AB6E1D119C7FD01648:4
C229A8171D54C2057DCE640F67F958E3A52:1
C2EADAEEC2FCD15B4E57064B6A5B99359C9:1
C303E0AABE19E9B0FED9205AE92B0B6C2FE:9
C38A275653F6D6799DEC43D979FFFC21C0F:1
C38ED8C78882E5034575243544626C0BE45:1
C4AC139B821787A6EEDE482F668CD88F223:1
C54DDC2CDCEC42AE5E3F480C1ADFF35713B:1
C5888011891BF5FC6DD5596F6C2483F815C:1
C59198D3EE39AE277997CC13CCE9917C71C:2
C5D58F2EB97B59F2535BB1CA56B3F77B609:1
C61BCCDF6880DFBFA35D9195D0BDC93F9A9:2
C629555BA4C2F68F3F01D9B34F295D0E994:1
C65F4EFBD06D356E8133B98164FDE513760:101
C671A73CFAE7EEFF23A239D4BC6E1428D4F:2
C69D8563F818276EFC835720108698699BD:4
C7970CA5DD6B3E16CB11AAE60A7CAACA389:2
C7A41A12C0FD04E8DED7DBBAF0825AADE81:1
C7DC55268B0B695954983E4E0B0097ECD09:1
C8BE2ED37377063BA4ED7FFF0476938D462:7
C93217812724D5CF31B087E9475C44FA382:8
CA3EA3E79CCAFDDCE3626C3FD0094568A07:1
CB19C08408F5AC798C9C4F181AB7E9CE9C3:1
CB85709A7BD4F87AA94B0E001EEED0CD5BB:1
CBD00A70A20B26D8D60E01239B8D0822969:4
CCCE51A513DE16156DFC647122A15629BF4:3
CCE95508094D4549B3BB427E434D00AAB5B:15
CD3D3D2117B418FB5044B083E461F0AECED:1
CE67A2482D6C8449E534F60C006B6AE0B5F:1
CF2CA827B22E5C3E50B1297D82F211815FC:1
CF439689B950A54B487E73B071FDCF2730C:1
CFAFCB51F2034FCF2FA726F36DD2D858B9D:3
D071DBE98EDEE981E84803596D7BAA44915:7
D0FB7FF824242503B1718984108B04F7F3F:2
D1C6EC3D04A3D586703F03FCEACADED568A:1
D2619A4679BA1264309A413A62A9ECCBAFA:3
D2B11020290F99EA7263074876B9A3F944A:2
D2D3A1B2319DC8433C83141078686ECA68E:3
D31CAA5276CBB65BD07473835889478CF3C:1
D38E52A9B064B6DFF8DB38E02FECCC852E0:64
D43C4DCB66D36B2E0D8086371A3CD470F8D:1
D46F3AA4FC4142C7533DBCE67C18699B8D0:1
D4851CE6CF02812B53F238B865EEC07A7DE:4
D4AB5DA837680E30E19E82D0FEC5ABDCDDA:6
D50AB0442FAEE738D3451CF7658A9F3E41E:3
D554E0F8DA25820F909D14006967495C1BC:1
D5620D14CB37917E0C544D113E97E0D5F90:6
D61368677DBA01D956032DC5700CE7AD5DA:1
D63F109947595D9B980B909EDEC210FFB01:2
D71FCC7FD5FFAB344FF352D4476CB4FB525:1
D7E043493D42CD0C9AB441B2099C0F3EEDF:1
D8EC7AC9AE0BB0EBAF6D85D68AD9E66E2CB:1
D95B593E12C0C4979BEBC3DAF183DB85BDC:5
D982BFA0E57D9E819391F2679F1E6F689CC:2
D9AF30E4CF91520373112433770EF1E8F83:10
D9FDDD5640135FA00174AC7E9CFBC05DABD:14
DAF393D748609F7D6AC40B8D24B356EFBA3:1
DB303D3E3B6D9C75A72DAA91C596579AAEC:1
DB61127F9D0F30D190FB29501AA9C111BDF:3
DB79D057ECF7EED197B09ECC6645259E8EA:1
DB904981F36524ACC1469538082E713E5C8:1
DBF8087399C6B425110CC5A194BBE66B5E5:1
DC8797AE7170D3C92838938A42BC3D38768:1
DCBD4F09464296C352C4F0CDCCA47F13776:3
DCFC1498B62FD017732334586BE42F5DD18:1
DD00A959F83D24C9479327FBF21E1F93548:4
DD1AA8926CD15A8927B7015175C7B57BD76:1
DD1AAE150F24F481EA801AB11CDA9F10EE1:1
DD41CABC738E5384D98DF06F4884B749357:3
DD5F0BAB0AC8A9D35CB818E2900755ABD70:1
DD6B17377A9639F539E6F4A0176D2F49FC9:11
DDE3174D74037D0F7FE12DBD97B96EAA933:2
DDEFB65759609016E405606853E5B7DD178:3
DE7E9BD25ABA99F73ABBE5E46D268386F42:2
DEAAB2F105787C0D2BBD0A4576235BEED50:1
DF0C0FD31C5DD7AC5E8D3B0ED0C5750D025:1
DF0D52A68D433E58616DEF808E9B62B7015:2
DF1DB274E0464059B1C25BE45C4C33DD0E3:1
DF5343A951072B595E9F47259822A6F661E:16
DF61DCE0612442B9C19771E648793CD013E:4
DF6BD782007F45D5384C1B17679C46A378C:2
E0032C53F613EAEC5AB3B222B7E977F71B1:2
E055F1922A423BA6F61D1C3543DDAC0A26F:1
E0B0ABBB2D1E868527005F6CB4DEDFDFF16:2
E0B3DADDD715C61C4AFE1F057A666ECAAC3:1
E0BE824F68C5F27FDD7B4148F8E10D6E948:3
E170F734F7F09D89D699D02C84DC7BB6D16:3
E172FB8F2865E951E1C3CF4B12F27E9F822:1
E1B95B7537606B2128C716E5D0D5131B71A:4
E1DA014CBE0AE63641BA8EC0E8684EC387A:1
E1E527D93D65BF10687F6339FD9CE491B90:1
E25EA7F8A50D6E07C082A751B0EEFA67459:4
E26C99E05FFD05641FCC76A900BEDF30928:3
E290C7E2C3BDB2A629B05627AF21D17EE4D:3
E362E2B8FB9E3821F986A26A9183CA883BE:23
E372C774FF03C61CC4D429786DE4AF00123:2
E3AD487429E52D8506D6239472B2D2C1A2B:6
E46E1C398FE4AFD758F159C6C27FAD80721:2
E4AF74635734C2CA456969DA117765C3419:2
E4C7C714ED4333E4B27B7CD821D86421E86:1
E4CEF0C018FA29A4E6EACF8A66CE24CBAF9:1
E55DDA50DEE7E863C13EA6744A9846FD2A2:1
E5BF339F301B237C4B044D5E306F7E0C561:1
E5F807CA868E4F869F4FE6119C3940E27BF:8
E69E4977984A8A1AAB486A8EF7BFB5DFACF:1
E6AB9B36BE61307E095DB2DD86B9964119C:2
E7771E4D5BB77571B35E9F1351FA3946AC8:11
E82D935C3A6E09E418AD62A2D6C85EAAD3A:2
E90E7DD9B10774B32E3C8377FFF63C1BFEE:2
E9A338D1AE1493D3213D9EB3C1263BF7524:2
EA3BBD4F82F954CE96AA0446C23519A5372:2
EBDA9BEDFAACACD3A29804893BF0846C95E:20
EBE464059DD9159C5E8E2A17CAC0A2059A2:1
EC6772FC01E21941177F38419E94B007690:1
ECC8768D2AC488C20128F8E593F8E9A5733:2
ED40433B14F400BF170356C2DA348D1DCB5:7
ED7E262EB71CB19B49713741AFDFE3F5E95:1
EE3678616754AA384297CEB1E3D9D4DCA95:1
EF09C83AAEE01E5E82D63293E6E5CC78DDC:3
EF54E51EEE27BED037F29D9F11BFF31EDA3:1
F0BC2E6E283C25328D1833AEFC29112DF4A:2
F140619AD258C91B1E73FB59FC1599707CE:21
F170F3D96DF5A2118F61CBAA31E2B8DB815:2
F1A3BEA2F70B6D1E93FE09FAE2A990DCCD4:4
F24BE5FD181D69A7DDA8B35450D0B46C5C2:1
F2DDF74034F94E2B1D956061E0CBDA41B13:1
F3010A909935BB8879982B957A2EBFFC6B3:502
F38262BC56A2BB33D383A48C937E1B62726:3
F3968CE6CADA1782C349E4863A409B6675F:7
F3AD84E2ED4656984DA4AEA117CA6BED6E3:21
F3EDE7A6476417D306551DF5AAFDCDE5180:2
F42B4D42931FAE78505F74E1D513AE0328A:4
F450F5D5CAA04EB920823A570010E024F9A:1
F4B87A5221687878A9397794762AA8917D4:2
F52E29960E8C2FF8FAF40CBB2059B7F88C8:3
F5B01035712D1731A020F4AE2CECEF2B788:6
F5D77079309F83AE345631FD6A1AD6DDC04:1
F6219EA196919B056B640A19CEE9374C3F0:1
F6A096E58E82DB73783D8E7FF9310B312F4:2
F6C48418E0F0D0B3F2F029B2278A45B3339:2
F78034343BFDCA3BC59F5F6BFB56FAAA30B:2
F7D1C3D533B245AF50EE8D2DA297CF8C9E6:6
F80445ACDD068D46EE9F9138679CE120BB1:2
F8A87C2DA77D784C2A28BE8FE7C112B9958:1
F8D9C7C95A5010C69AEA13895FAC472D1CD:2
F8F7C71E57BEFC9E8DB729C66E378F28257:1
F9B8A44973F8783BDEBC782B347C7F0FDC2:1
F9D228517E80C877C2059E03115C7909DC4:4
FA05F860BA0D7730F6EEAF84501DB5616D5:2
FA09B28370A1ECD8EDEF9502F5CA2905D60:1
FA16885096CE0E16F4559D5FE2D0916F6DD:1
FA24E0E97868B5320035A828297DE09C90E:2
FA6C78D96C0AF2CD6C0ABD3BCD0F03342A2:1
FA8281708A0C3F554819F770BFD19B0A5B4:3
FAC92D7F0E16794A1EF2ED7EFD0E7570374:1
FB72B23222279801D7B2B8D0F2051A13AA9:1
FB9B149957CB61EB66E68417B405AAB6246:2
FC6038AF7C7160D50098B68D657A893844F:1
FCAA9A1E86420706A38279EF4CF2ED08FBD:36
FD1C206D668C774DD143F8873DBE08B26DD:1
FD6B604C88DC0EAC818E5FF81DCC667608B:17
FD7ABDEA5A3C063CE7B1D02F22C42909C6C:5
FDD32A2F1FC63A6A538BAF2F0FF86B310D4:3
FDDB6A68499ECF19CDEAB6B7B0BF3EF5106:6
FE45315F70A01B753E3859DEC2800D2D2D4:1
FE52C0FF722F6891602256E41A3D4507200:4
FE5910FFCFAFD4950E133DFFA3B8EA7DC2F:1
FEBDAAA26D16DC48E45A89DB879DA875506:2
FED81FBD50C1BE842E0A94A0FC7CEA07CCE:8
FF6634A39D29D10ACFF504BA9A8948CA008:3